@article{paxson2018pressure,
  title={Pressure-Gain Combustion for Gas Turbines},
  author={Paxson, Dan},
  year={2018}
}
@article{gulen2013constant,
  title={Constant volume combustion: The ultimate gas turbine cycle},
  author={G{\"u}len, SC},
  journal={Gas Turbine World},
  volume={43},
  number={6},
  pages={20--27},
  year={2013}
}
@article{eidelman1991review,
  title={Review of propulsion applications and numerical simulations of the pulsed detonation engine concept},
  author={Eidelman, Shmuel and Grossmann, W and Lottati, I},
  journal={Journal of Propulsion and Power},
  volume={7},
  number={6},
  pages={857--865},
  year={1991}
}
@inproceedings{kailasanath2009research,
  title={Research on pulse detonation combustion systems: a status report},
  author={Kailasanath, K},
  booktitle={47th AIAA aerospace sciences meeting including the new horizons forum and aerospace exposition},
  pages={631},
  year={2009}
}
@inproceedings{dean2005operation,
  title={Operation and noise transmission of an axial turbine driven by a pulse detonation combustor},
  author={Dean, Anthony J and Rasheed, Adam and Tangirala, Venkat and Pinard, Pierre F},
  booktitle={ASME Turbo Expo 2005: Power for Land, Sea, and Air},
  pages={1275--1284},
  year={2005},
  organization={American Society of Mechanical Engineers}
}
@article{radulescu2007transient,
  title={The transient start of supersonic jets},
  author={Radulescu, Matei I and Law, Chung K},
  journal={Journal of Fluid Mechanics},
  volume={578},
  pages={331--369},
  year={2007},
  publisher={Cambridge University Press}
}
@article{ishii1999experimental,
  title={Experimental and numerical analysis of circular pulse jets},
  author={Ishii, R and Fujimoto, H and Hatta, N and Umeda, Y},
  journal={Journal of Fluid Mechanics},
  volume={392},
  pages={129--153},
  year={1999},
  publisher={Cambridge University Press}
}
@article{elder1952experimental,
  title={Experimental study of the formation of a vortex ring at the open end of a cylindrical shock tube},
  author={Elder Jr, FK and De Haas, N},
  journal={Journal of Applied Physics},
  volume={23},
  number={10},
  pages={1065--1069},
  year={1952},
  publisher={AIP}
}
@article{dora2014role,
  title={Role of slipstream instability in formation of counter-rotating vortex rings ahead of a compressible vortex ring},
  author={Dora, CL and Murugan, T and De, S and Das, Debopam},
  journal={Journal of Fluid Mechanics},
  volume={753},
  pages={29--48},
  year={2014},
  publisher={Cambridge University Press}
}
@inproceedings{matsuda1987numerical,
  title={Numerical and experimental studies on choked underexpanded jets},
  author={Matsuda, Takuya and Umeda, Yoshikuni and Ishii, Ryuji and Sawada, Keisuke},
  booktitle={19th AIAA, Fluid Dynamics, Plasma Dynamics, and Lasers Conference},
  pages={1378},
  year={1987}
}
@article{gharib1998universal,
  title={A universal time scale for vortex ring formation},
  author={Gharib, Morteza and Rambod, Edmond and Shariff, Karim},
  journal={Journal of Fluid Mechanics},
  volume={360},
  pages={121--140},
  year={1998},
  publisher={Cambridge University Press}
}
@article{zhao2000effects,
  title={Effects of trailing jet instability on vortex ring formation},
  author={Zhao, Wei and Frankel, Steven H and Mongeau, Luc G},
  journal={Physics of Fluids},
  volume={12},
  number={3},
  pages={589--596},
  year={2000},
  publisher={AIP}
}
@article{szumowski2000starting,
  title={Starting jet--wall interaction},
  author={Szumowski, A and Sobieraj, G and Selerowicz, W and Piechna, J},
  journal={Journal of sound and vibration},
  volume={232},
  number={4},
  pages={695--702},
  year={2000},
  publisher={Elsevier}
}
@article{minota1997shock,
  title={Shock formation by compressible vortex ring impinging on a wall},
  author={Minota, T and Nishida, M and Lee, MG},
  journal={Fluid dynamics research},
  volume={21},
  number={3},
  pages={139},
  year={1997},
  publisher={IOP Publishing}
}
@book{john1962shock,
  title={Shock waves in chemistry and physics},
  author={John N. Bradley},
  year={1962},
  publisher={Methuen}
}
@article{mariani2013head,
  title={Head on collisions of compressible vortex rings on a smooth solid surface},
  author={Mariani, R and Kontis, K and Gongora-Orozco, N},
  journal={Shock Waves},
  volume={23},
  number={4},
  pages={381--398},
  year={2013},
  publisher={Springer}
}
@book{anderson2010fundamentals,
  title={Fundamentals of aerodynamics},
  author={Anderson Jr, John David},
  year={2010},
  publisher={Tata McGraw-Hill Education}
}
@article{settles2001schlieren,
  title={Schlieren and shadowgraph techniques- Visualizing phenomena in transparent media(Book)},
  author={Settles, GS},
  journal={Berlin, Germany: Springer-Verlag GmbH, 2001.},
  year={2001}
}
@article{murugan2010characteristics,
  title={Characteristics of noise produced during impingement of a compressible vortex ring on a wall},
  author={Murugan, Thangadurai and Das, Debopam},
  journal={International Journal of Aeroacoustics},
  volume={9},
  number={6},
  pages={849--858},
  year={2010},
  publisher={SAGE Publications Sage UK: London, England}
}
@article{thangadurai2012experimental,
  title={Experimental study on a compressible vortex ring in collision with a wall},
  author={Thangadurai, Murugan and Das, Debopam},
  journal={Journal of visualization},
  volume={15},
  number={4},
  pages={321--332},
  year={2012},
  publisher={Springer}
}
@article{akbari2009review,
  title={Review of recent developments in wave rotor combustion technology},
  author={Akbari, Pezhman and Nalim, Razi},
  journal={Journal of Propulsion and Power},
  volume={25},
  number={4},
  pages={833--844},
  year={2009}
}
@misc{cantwell2017,
  title={Fundamentals of Compressible Flow},
  author={Cantwell, Brian},
  journal={Standford Aeronautics and Astronautics},
  volume={Ch13.7},
  year={2017}
}
@inproceedings{poldervaart1968photographic,
  title={The photographic evidence of the feedback loop of a two dimensional screeching supersonic jet of air},
  author={Poldervaart, LJ and Vink, AT and Wijnands, APJ},
  booktitle={Proceedings of the 6th International Congress on Acoustics, Tokyo, Japan},
  year={1968}
}
@article{skews1967perturbed,
  title={The perturbed region behind a diffracting shock wave},
  author={Skews, Beric William},
  journal={Journal of Fluid Mechanics},
  volume={29},
  number={4},
  pages={705--719},
  year={1967},
  publisher={Cambridge University Press}
}
@article{fernandez2017compressible,
  title={Compressible starting jet: Pinch-off and vortex ring--trailing jet interaction},
  author={Fern{\'a}ndez, Juan Jos{\'e} Pe{\~n}a and Sesterhenn, J{\"o}rn},
  journal={Journal of Fluid Mechanics},
  volume={817},
  pages={560--589},
  year={2017},
  publisher={Cambridge University Press}
}
@article{willert2012assessment,
  title={An assessment of high-power light-emitting diodes for high frame rate schlieren imaging},
  author={Willert, Christian E and Mitchell, Daniel M and Soria, Julio},
  journal={Experiments in fluids},
  volume={53},
  number={2},
  pages={413--421},
  year={2012},
  publisher={Springer}
}
@article{bhavberlin,
  title={Influence of Nozzle Geometry on Detonation-Driven and Shock-Driven Transient Supersonic Jet Flow},
  author={Thethy, Bhavraj},
  journal={ISABE},
  year={2019}
}
@article{meijering2004design,
  title={Design and validation of a tool for neurite tracing and analysis in fluorescence microscopy images},
  author={Meijering, E and Jacob, M and Sarria, J-CF and Steiner, Pl and Hirling, H and Unser, M},
  journal={Cytometry Part A: the journal of the International Society for Analytical Cytology},
  volume={58},
  number={2},
  pages={167--176},
  year={2004},
  publisher={Wiley Online Library}
}
@incollection{lindeberg1994linear,
  title={Linear scale-space I: Basic theory},
  author={Lindeberg, Tony and ter Haar Romeny, Bart M},
  booktitle={Geometry-driven diffusion in computer vision},
  pages={1--38},
  year={1994},
  publisher={Springer}
}
@article{grauman2011visual,
  title={Visual object recognition},
  author={Grauman, Kristen and Leibe, Bastian},
  journal={Synthesis lectures on artificial intelligence and machine learning},
  volume={5},
  number={2},
  pages={1--181},
  year={2011},
  publisher={Morgan \& Claypool Publishers}
}
@inproceedings{rudzki2009vessel,
  title={Vessel detection method based on eigenvalues of the hessian matrix and its applicability to airway tree segmentation},
  author={Rudzki, Marcin},
  booktitle={Proceedings of the 11th International PhD Workshop OWD},
  pages={100--105},
  year={2009}
}
@article{knight1958piezoelectric,
  title={Piezoelectric Detector for Low-Pressure Shock Waves},
  author={Knight, Herbert T},
  journal={Review of Scientific Instruments},
  volume={29},
  number={2},
  pages={174--175},
  year={1958},
  publisher={AIP}
}
@article{anderson2000shock,
  title={Shock tube investigation of hydrodynamic issues related to inertial confinement fusion},
  author={Anderson, MH and Puranik, BP and Oakley, JG and Brooks, PW and Bonazza, R},
  journal={Shock Waves},
  volume={10},
  number={5},
  pages={377--387},
  year={2000},
  publisher={Springer}
}
@article{ryu1995shock,
  title={Shock tube and modeling study of the H+ O2= OH+ O reaction over a wide range of composition, pressure, and temperature},
  author={Ryu, Si-Ok and Hwang, Soon Muk and Rabinowitz, Martin Jay},
  journal={The Journal of Physical Chemistry},
  volume={99},
  number={38},
  pages={13984--13991},
  year={1995},
  publisher={ACS Publications}
}
@article{snedeker1971study,
  title={A study of free jet impingement. Part 1. Mean properties of free and impinging jets},
  author={Snedeker, Richard S and others},
  journal={Journal of fluid Mechanics},
  volume={45},
  number={2},
  pages={281--319},
  year={1971},
  publisher={Cambridge University Press}
}
@inproceedings{beaudet1978rotationally,
  title={Rotationally invariant image operators},
  author={Beaudet, Paul R},
  booktitle={Proc. 4th Int. Joint Conf. Pattern Recog, Tokyo, Japan, 1978},
  year={1978}
}
@book{brownlee1965statistical,
  title={Statistical theory and methodology in science and engineering},
  author={Brownlee, Kenneth Alexander},
  volume={150},
  year={1965},
  publisher={Wiley New York}
}